@inproceedings{zhou2007co,
  title={Co-ranking authors and documents in a heterogeneous network},
  author={Zhou, Ding and Orshanskiy, Sergey A and Zha, Hongyuan and Giles, C Lee},
  booktitle={Data Mining, 2007. ICDM 2007. Seventh IEEE International Conference on},
  pages={739--744},
  year={2007},
  organization={IEEE}
}

@inproceedings{ng2011multirank,
  title={MultiRank: co-ranking for objects and relations in multi-relational data},
  author={Ng, Michaek Kwok-Po and Li, Xutao and Ye, Yunming},
  booktitle={Proceedings of the 17th ACM SIGKDD international conference on Knowledge discovery and data mining},
  pages={1217--1225},
  year={2011},
  organization={ACM}
}

@misc{bd2k,
  author = {National Institute of Health},
  TITLE = "About BD2K",
  howpublished = "\url{http://datascience.nih.gov/bd2k/about}",
  MONTH = "April",
  YEAR = {2015}, 
  note = "[Online; accessed 20-May-2015]"
}

@Article{geo,
   Author="Barrett, T.  and Suzek, T. O.  and Troup, D. B.  and Wilhite, S. E.  and Ngau, W. C.  and Ledoux, P.  and Rudnev, D.  and Lash, A. E.  and Fujibuchi, W.  and Edgar, R. ",
   Title="{{N}{C}{B}{I} {G}{E}{O}: mining millions of expression profiles--database and tools}",
   Journal="Nucleic Acids Res.",
   Year="2005",
   Volume="33",
   Number="Database issue",
   Pages="D562--566",
   Month="Jan"
}

@misc{datarank,
  author = {Iranmehr, Arya and Wang, Huan and Wang, Shuang and Vaidya Jaideep and Qin, Zhaohui and Yu, Hwanjo and Jiang, Xiaoqian},
  TITLE = "DataRank: A Personalized Online Recommendation System for Biomedical Datasets",
  howpublished = "{in AMIA review}"
  
}


@misc{biocaddie,
  author = {bioCADDIE},
  TITLE = "bioCADDIE",
  howpublished = "\url{https://biocaddie.org/publications/biocaddie-white-paper}",
  note = "[Online; queried 27-May-2015]"
}

@misc{pubmed,
  author = {National Center for Biotechnology Information},
  TITLE = "PubMed",
  howpublished = "\url{http://www.ncbi.nlm.nih.gov/pubmed}",
  note = "[Online; queried 1-May-2015]"
}

@article{maglott2005entrez,
  title={Entrez Gene: gene-centered information at NCBI},
  author={Maglott, Donna and Ostell, Jim and Pruitt, Kim D and Tatusova, Tatiana},
  journal={Nucleic acids research},
  volume={33},
  number={suppl 1},
  pages={D54--D58},
  year={2005},
  publisher={Oxford Univ Press}
}

@article{pagerank,
  title={The PageRank citation ranking: Bringing order to the web.},
  author={Page, Lawrence and Brin, Sergey and Motwani, Rajeev and Winograd, Terry},
  year={1999},
  publisher={Stanford InfoLab}
}

@article{hits,
  title={Authoritative sources in a hyperlinked environment},
  author={Kleinberg, Jon M},
  journal={Journal of the ACM (JACM)},
  volume={46},
  number={5},
  pages={604--632},
  year={1999},
  publisher={ACM}
}

@article{leonelli2012introduction,
  title={Introduction: Making sense of data-driven research in the biological and biomedical sciences},
  author={Leonelli, Sabina},
  journal={Studies in History and Philosophy of Science Part C: Studies in History and Philosophy of Biological and Biomedical Sciences},
  volume={43},
  number={1},
  pages={1--3},
  year={2012},
  publisher={Pergamon}
}

@book{hey2009fourth,
  title={The fourth paradigm: data-intensive scientific discovery},
  author={Hey, Anthony JG and Tansley, Stewart and Tolle, Kristin Michele and others},
  volume={1},
  year={2009},
  publisher={Microsoft Research Redmond, WA}
}

@article{szalay20062020,
  title={2020 Computing: Science in an exponential world},
  author={Szalay, Alexander and Gray, Jim},
  journal={Nature},
  volume={440},
  number={7083},
  pages={413--414},
  year={2006},
  publisher={Nature Publishing Group}
}

@misc{szalay2009gray,
  title={Gray's laws: database-centric computing in science.},
  author={Szalay, Alexander S and Blakeley, Jos{\'e} A},
  year={2009}
}

@misc{southan2009beyond,
  title={Beyond the tsunami: developing the infrastructure to deal with life sciences data.},
  author={Southan, Christopher and Cameron, Graham},
  year={2009}
}

@misc{lynch2009jim,
  title={Jim Gray's fourth paradigm and the construction of the scientific record.},
  author={Lynch, Clifford A},
  year={2009}
}

@article{hirsch2005index,
  title={An index to quantify an individual's scientific research output},
  author={Hirsch, Jorge E},
  journal={Proceedings of the National academy of Sciences of the United States of America},
  volume={102},
  number={46},
  pages={16569--16572},
  year={2005},
  publisher={National Acad Sciences}
}

@inproceedings{garfield1972citation,
  title={Citation analysis as a tool in journal evaluation},
  author={Garfield, Eugene and others},
  year={1972},
  organization={American Association for the Advancement of Science}
}

@misc{elsevier,
  author = {Elsevier},
  TITLE = "Journal and Article Metrics",
  howpublished = "\url{http://www.elsevier.com/editors/journal-and-article-metrics#other-journal-metrics}",
  note = "[Online; queried 27-May-2015]"
}

@misc{geoquery,
  author = {NCBI, NIH},
  TITLE = "GEO Overview: Query and Analysis",
  howpublished = "\url{http://www.ncbi.nlm.nih.gov/geo/info/overview.html#query}",
  note = "[Online; queried 27-May-2015]"
}

@misc{omicseq,
  author = {Steve Qin},
  TITLE = "OMICSEQ: A Genomics BigData Search Engine and Knowledge Discovery System",
  howpublished = "\url{https://biocaddie.org/sites/default/files/d7/webinar/452/steve_qin.pdf}",
  note = "[Online; queried 22-May-2015]"
}


@inproceedings{nie2005object,
  title={Object-level ranking: bringing order to web objects},
  author={Nie, Zaiqing and Zhang, Yuanzhi and Wen, Ji-Rong and Ma, Wei-Ying},
  booktitle={Proceedings of the 14th international conference on World Wide Web},
  pages={567--574},
  year={2005},
  organization={ACM}
}

@inproceedings{deng2009generalized,
  title={A generalized Co-HITS algorithm and its application to bipartite graphs},
  author={Deng, Hongbo and Lyu, Michael R and King, Irwin},
  booktitle={Proceedings of the 15th ACM SIGKDD international conference on Knowledge discovery and data mining},
  pages={239--248},
  year={2009},
  organization={ACM}
}

@inproceedings{zhu2007combining,
  title={Combining content and link for classification using matrix factorization},
  author={Zhu, Shenghuo and Yu, Kai and Chi, Yun and Gong, Yihong},
  booktitle={Proceedings of the 30th annual international ACM SIGIR conference on Research and development in information retrieval},
  pages={487--494},
  year={2007},
  organization={ACM}
}

@inproceedings{lin2009metafac,
  title={Metafac: community discovery via relational hypergraph factorization},
  author={Lin, Yu-Ru and Sun, Jimeng and Castro, Paul and Konuru, Ravi and Sundaram, Hari and Kelliher, Aisling},
  booktitle={Proceedings of the 15th ACM SIGKDD international conference on Knowledge discovery and data mining},
  pages={527--536},
  year={2009},
  organization={ACM}
}

@inproceedings{sun2005cubesvd,
  title={Cubesvd: a novel approach to personalized web search},
  author={Sun, Jian-Tao and Zeng, Hua-Jun and Liu, Huan and Lu, Yuchang and Chen, Zheng},
  booktitle={Proceedings of the 14th international conference on World Wide Web},
  pages={382--390},
  year={2005},
  organization={ACM}
}

@inproceedings{kolda2006tophits,
  title={The TOPHITS model for higher-order web link analysis},
  author={Kolda, Tamara and Bader, Brett},
  booktitle={Workshop on link analysis, counterterrorism and security},
  volume={7},
  pages={26--29},
  year={2006}
}

@incollection{varadharajalu2011author,
  title={Author name disambiguation for ranking and clustering PubMed data using NetClus},
  author={Varadharajalu, Arvin and Liu, Wei and Wong, Wilson},
  booktitle={AI 2011: Advances in Artificial Intelligence},
  pages={152--161},
  year={2011},
  publisher={Springer}
}

@inproceedings{sun2009rankclus,
  title={Rankclus: integrating clustering with ranking for heterogeneous information network analysis},
  author={Sun, Yizhou and Han, Jiawei and Zhao, Peixiang and Yin, Zhijun and Cheng, Hong and Wu, Tianyi},
  booktitle={Proceedings of the 12th International Conference on Extending Database Technology: Advances in Database Technology},
  pages={565--576},
  year={2009},
  organization={ACM}
}